@ONLINE {MATLABWeb,
    author = "The MathWorks",
    title  = "MATLAB",
    url    = "http://www.mathworks.com/products/matlab/?s_tid=hp_ff_p_matlab"
} 
@ARTICLE {AspectMATLABpaper,
    author  = "Toheed Aslam, Jesse Doherty, Anton Dubrau and Laurie Hendren",
    title   = "AspectMatlab: An Aspect-Oriented Scientific Programming
                Language",
    journal = "AOSD'10",
    year    = "2010"
}
@ARTICLE {AspectMATLABPPpaper,
    author  = "Andrew Bodzay, Laurie Hendren",
    title   = "AspectMatlab++: Annotations, Types, and Aspects for Scientists",
    journal = "MODULARITY'15",
    year    = "2015"
}
@MASTERSTHESIS {ToheedMasterThesis,
    author = "Toheed Aslam",
    title  = "ASPECTMATLAB: AN ASPECT-ORIENTED SCIENTIFIC PROGRAMMING
                LANGUAGE",
    school = "McGill University",
    year   = "2010",
    pages  = "15--17"
}
@MASTERSTHESIS {AndrewMasterThesis,
    author = "Andrew Bodzay",
    title  = "ASPECTMATLAB++: DEVELOPING AN ASPECT-ORIENTED LANGUAGE FOR
                SCIENTISTS",
    school = "McGill University",
    year   = "2014"
}
@ONLINE {MclabParser,
    author = "Samuel Suffos",
    title  = "mclab-parser",
    url    = "https://github.com/Sable/mclab-parser"
}
@ONLINE {AspectJ,
    author = "Eclipse Foundation",
    title  = "AspectJ",
    url    = "https://eclipse.org/aspectj/"
}
@ONLINE {JastAdd,
    author = "JastAdd Team",
    title  = "JastAdd",
    url    = "http://jastadd.org/web/"
}