@ONLINE {aspectjOnlinePointcut,
    author = "Xerox Corporation, Palo Alto Research Center",
    title  = "The AspectJ Programming Guide",
    year   = "2003",
    url    = "https://eclipse.org/aspectj/doc/released/progguide/semantics-pointcuts.html"
}

@ONLINE {aspectjOnlineAdvice,
    author = "Xerox Corporation, Palo Alto Research Center",
    title  = "The AspectJ Programming Guide",
    year   = "2003",
    url    = "https://eclipse.org/aspectj/doc/next/progguide/semantics-advice.html"
}

@ARTICLE {AspectMATLABpaper,
    author  = "Toheed Aslam, Jesse Doherty, Anton Dubrau and Laurie Hendren",
    title   = "AspectMatlab: An Aspect-Oriented Scientific Programming
                Language",
    journal = "AOSD'10",
    year    = "2010"
}

@ARTICLE {AspectMATLABPPpaper,
    author  = "Andrew Bodzay, Laurie Hendren",
    title   = "AspectMatlab++: Annotations, Types, and Aspects for Scientists",
    journal = "MODULARITY'15",
    year    = "2015"
}

@MASTERSTHESIS {McSAF,
    author = "Jesse Doherty",
    title  = "MCSAF: AN EXTENSIBLE STATIC ANALYSIS FRAMEWORK FOR THE MATLAB LANGUAGE",
    school = "McGill University",
    year   = "2011"
}

@ARTICLE {KindAnalysis,
    author  = "Jesse Doherty, Laurie Hendren and Soroush Radpour",
    title   = "Kind Analysis for MATLAB",
    journal = "OOPSLAâ€™11",
    year    = "2011"
}

@ONLINE {McLabParser,
    author = "Samuel Suffos",
    title  = "McLab-Parser",
    url    = "https://github.com/Sable/mclab-parser"
}