@ARTICLE {toheed_aspectmatlab,
    author  = "Toheed Aslam, Jesse Doherty, Anton Dubrau, Laurie Hendren",
    title   = "AspectMatlab: An Aspect-Oriented Scientific Programming
               Language",
    journal = "AOSD",
    year    = "2010"
}

@ARTICLE {andrew_aspectmatlb,
    author  = "Andrew Bodzay, Laurie Hendren",
    title   = "AspectMatlab++: Annotations, Types, and Aspects for Scientists",
    journal = "MODULARITY",
    year    = "2015"
}

@MASTERSTHESIS {mcsaf_master_essay,
    author = "Jesse Doherty",
    title  = "MCSAF: AN EXTENSIBLE STATIC ANALYSIS FRAMEWORK FOR THE MATLAB
              LANGUAGE",
    school = "McGill University",
    year   = "2011",
    month  = "aug"
}